<record><leader>00000cas a22000007a 4500</leader><controlfield tag="001">11541189</controlfield><controlfield tag="008">850103d19651999inuer ne      0    0eng d</controlfield><datafield ind1=" " ind2=" " tag="010"><subfield code="a">sn 85047657 </subfield></datafield><datafield ind1=" " ind2=" " tag="040"><subfield code="a">NPI</subfield><subfield code="b">eng</subfield><subfield code="c">NPI</subfield><subfield code="d">OCLCQ</subfield><subfield code="d">OCLCF</subfield><subfield code="d">OCLCO</subfield></datafield><datafield ind1=" " ind2=" " tag="042"><subfield code="a">msc</subfield></datafield><datafield ind1=" " ind2=" " tag="043"><subfield code="a">n-us-in</subfield></datafield><datafield ind1="0" ind2=" " tag="130"><subfield code="a">Greenwood news (Greenwood, Ind. : 1965)</subfield></datafield><datafield ind1="1" ind2="4" tag="245"><subfield code="a">The Greenwood news.</subfield></datafield><datafield ind1=" " ind2=" " tag="260"><subfield code="a">Greenwood, Ind. :</subfield><subfield code="b">[Home News Enterprises],</subfield><subfield code="c">1965-1999.</subfield></datafield><datafield ind1=" " ind2=" " tag="300"><subfield code="a">35 v. :</subfield><subfield code="b">ill. ;</subfield><subfield code="c">59 cm.</subfield></datafield><datafield ind1=" " ind2=" " tag="310"><subfield code="a">Weekly</subfield></datafield><datafield ind1="0" ind2=" " tag="362"><subfield code="a">73rd year, no. 22 (July 15, 1965)-June 16 to 22, 1999.</subfield></datafield><datafield ind1=" " ind2=" " tag="500"><subfield code="a">Publisher's name from '84 Ayer Directory.</subfield></datafield><datafield ind1=" " ind2="0" tag="651"><subfield code="a">Johnson County (Ind.)</subfield><subfield code="v">Newspapers.</subfield></datafield><datafield ind1=" " ind2="7" tag="655"><subfield code="a">Newspapers.</subfield><subfield code="2">fast</subfield><subfield code="0">(OCoLC)fst01423814</subfield></datafield><datafield ind1=" " ind2="7" tag="651"><subfield code="a">Indiana</subfield><subfield code="z">Johnson County.</subfield><subfield code="2">fast</subfield><subfield code="0">(OCoLC)fst01205939</subfield></datafield><datafield ind1=" " ind2=" " tag="752"><subfield code="a">United States</subfield><subfield code="b">Indiana</subfield><subfield code="c">Johnson</subfield><subfield code="d">Greenwood.</subfield></datafield><datafield ind1="0" ind2="0" tag="780"><subfield code="t">Johnson County news</subfield><subfield code="w">(DLC)sn 85047656</subfield></datafield></record>